@article{yin2013icdar,
  title = {Chinese handwriting recognition competition},
  author = {Yin, Fei and Wang, Qiu-Feng and Zhang, Xu-Yao and Liu, Cheng-Lin},
  journal = {International Journal on Document Analysis and Recognition (ICDAR)},
  volume = {12},
  number = {4},
  pages = {1464--1470},
  year = {2013},
  publisher = {IEEE}
}

@article{geng2021introduction,
  title={An Introduction to the Theory of Rough Paths},
  author={Geng, Xi},
  journal={Lecture Notes},
  pages={9},
  year={2021}
}

@article{chevyrev2016primer,
  title={A primer on the signature method in machine learning},
  author={Chevyrev, Ilya and Kormilitzin, Andrey},
  journal={arXiv preprint arXiv:1603.03788},
  year={2016}
}

@article{preiss2021hopf,
  title={From Hopf algebras to rough paths and regularity structures},
  author={Prei{\ss}, Rosa},
  journal={arXiv preprint arXiv:2112.04936},
  year={2021}
}

@article{lyons2017hyperbolic,
  title={Hyperbolic development and inversion of signature},
  author={Lyons, Terry J and Xu, Weijun},
  journal={Journal of Functional Analysis},
  volume={272},
  number={7},
  pages={2933--2955},
  year={2017},
  publisher={Elsevier}
}

@article{chang2019insertion,
  title={Insertion algorithm for inverting the signature of a path},
  author={Chang, Jiawei and Lyons, Terry},
  journal={arXiv preprint arXiv:1907.08423},
  year={2019}
}
    
@article{geng2017reconstruction,
  title={Reconstruction for the signature of a rough path},
  author={Geng, Xi},
  journal={Proceedings of the London Mathematical Society},
  volume={114},
  number={3},
  pages={495--526},
  year={2017},
  publisher={Wiley Online Library}
}
