@book{imhausen2016mathematics,
  title={Mathematics in ancient Egypt: a contextual history},
  author={Imhausen, Annette},
  year={2016},
  publisher={Princeton University Press}
}
    
@article{robins1985mathematical,
  title={Mathematical bases of ancient Egyptian architecture and graphic art},
  author={Robins, Gay and Shute, Charles CD},
  journal={Historia mathematica},
  volume={12},
  number={2},
  pages={107--122},
  year={1985},
  publisher={Elsevier}
}
